<record><leader>00000cas a22000007a 4500</leader><controlfield tag="001">19074657</controlfield><controlfield tag="008">890127d197419uumduwr ne      0    0eng d</controlfield><datafield ind1=" " ind2=" " tag="010"><subfield code="a">sn 89060036 </subfield></datafield><datafield ind1=" " ind2=" " tag="040"><subfield code="a">MFN</subfield><subfield code="b">eng</subfield><subfield code="c">MFN</subfield><subfield code="d">OCLCQ</subfield></datafield><datafield ind1=" " ind2=" " tag="042"><subfield code="a">msc</subfield></datafield><datafield ind1="0" ind2=" " tag="130"><subfield code="a">Salisbury advertiser (Salisbury, Md. : 1974)</subfield></datafield><datafield ind1="1" ind2="4" tag="245"><subfield code="a">The Salisbury advertiser.</subfield></datafield><datafield ind1="3" ind2="0" tag="246"><subfield code="a">New Salisbury advertiser</subfield></datafield><datafield ind1="1" ind2="3" tag="246"><subfield code="a">Salisbury advertiser and the Wicomico countian</subfield></datafield><datafield ind1=" " ind2=" " tag="260"><subfield code="a">Salisbury, Md. :</subfield><subfield code="b">Salisbury Advertiser Co.</subfield></datafield><datafield ind1=" " ind2=" " tag="300"><subfield code="a">v.</subfield></datafield><datafield ind1=" " ind2=" " tag="310"><subfield code="a">Weekly</subfield></datafield><datafield ind1="0" ind2=" " tag="362"><subfield code="a">107th year, no. 27 (July 4, 1974)-</subfield></datafield><datafield ind1=" " ind2=" " tag="500"><subfield code="a">Published as: The new Salisbury advertiser, July 4-Dec. 19, 1974.</subfield></datafield><datafield ind1=" " ind2=" " tag="752"><subfield code="a">United States</subfield><subfield code="b">Maryland</subfield><subfield code="c">Wicomico</subfield><subfield code="d">Salisbury.</subfield></datafield><datafield ind1="0" ind2="0" tag="780"><subfield code="t">Salisbury advertiser and the Wicomico countian (Salisbury, Md. : 1947)</subfield><subfield code="w">(DLC)sn 89060033</subfield></datafield></record>